@book{Codd1990,
    address = {Boston, MA},
    author = {Codd, Edgar F},
    isbn = {ISBN:0-201-14192-2},
    publisher = {Addison-Wesley Longman Publishing Co.},
    title = {{ The relational model for database management : version 2 }},
    year = {1990}
}
@article{Wickham2014,
    abstract = {In this paper we present the R package gRain for propagation in graphical indepen- dence networks (for which Bayesian networks is a special instance). The paper includes a description of the theory behind the computations. The main part of the paper is an illustration of how to use the package. The paper also illustrates how to turn a graphical model and data into an independence network.},
    archivePrefix = {arXiv},
    arxivId = {arXiv:1501.0228},
    author = {Wickham, Hadley},
    doi = {10.18637/jss.v059.i10},
    eprint = {arXiv:1501.0228},
    isbn = {9780387781662},
    issn = {1548-7660},
    journal = {Journal of Statistical Software},
    keywords = {data cleaning,data tidying,r,relational databases},
    number = {10},
    pmid = {18291371},
    title = {{ Tidy Data }},
    url = {http://www.jstatsoft.org/v59/i10/},
    volume = {59},
    year = {2014}
}
