@misc{TeranetEnterprisesInc.2019,
abstract = {Teranet is the exclusive provider of Ontario's online property search and registration. We developed, own and operate the Ontario Electronic Land Registration System – one of the most advanced, secure and sophisticated land registration systems in the world. Teranet also provides online access to Ontario's Writs System.},
author = {{Teranet Enterprises Inc.}},
booktitle = {www.teranet.ca},
title = {{Teranet website}},
url = {https://www.teranet.ca},
year = {2019}
}
@techreport{TeranetEnterprisesInc.2011,
abstract = {The Province of Ontario Land Registration Information System (POLARIS{\textregistered}) is the computerized system that stores and manages ownership data for each property in Ontario which have been automated into the Electronic Land Registration System (ELRS{\textregistered}). All of the information in the POLARIS databases is compiled from the actual Land Registry Office (“LRO”) records. The Ownership Property Report contains property-based attributes for properties in the defined geographic coverage. The POLARIS Property Identification Number (PIN) is the key for each record.},
address = {Toronto},
author = {{Teranet Enterprises Inc.}},
file = {:home/stepan/Downloads/Product{\_}Description{\_}-{\_}Ownership{\_}Property{\_}Report.pdf:pdf},
institution = {Teranet Enterprises Inc.},
title = {{Product Description: Ownership Property Report}},
year = {2011}
}
